@inproceedings{armstrong1990erlang,
  title        = {Erlang-an experimental telephony programming language},
  author       = {Armstrong, Joe L and Virding, SR},
  booktitle    = {International Symposium on Switching},
  volume       = {3},
  pages        = {43--48},
  year         = {1990},
  organization = {IEEE}
}

@inproceedings{armstrong2007history,
  title     = {A history of Erlang},
  author    = {Armstrong, Joe},
  booktitle = {Proceedings of the third ACM SIGPLAN conference on History of programming languages},
  pages     = {6--1},
  year      = {2007}
}

@inproceedings{bellifemine1999jade,
  title        = {JADE--A FIPA-compliant agent framework},
  author       = {Bellifemine, Fabio and Poggi, Agostino and Rimassa, Giovanni},
  booktitle    = {Proceedings of PAAM},
  volume       = {99},
  number       = {97-108},
  pages        = {33},
  year         = {1999},
  organization = {London}
}

@article{bergenti2020first,
  title     = {The first twenty years of agent-based software development with JADE},
  author    = {Bergenti, Federico and Caire, Giovanni and Monica, Stefania and Poggi, Agostino},
  journal   = {Autonomous Agents and Multi-Agent Systems},
  volume    = {34},
  pages     = {1--19},
  year      = {2020},
  publisher = {Springer}
}

@article{collins2009flexible,
  title     = {Flexible decision control in an autonomous trading agent},
  author    = {Collins, John and Ketter, Wolfgang and Gini, Maria},
  journal   = {Electronic Commerce Research and Applications},
  volume    = {8},
  number    = {2},
  pages     = {91--105},
  year      = {2009},
  publisher = {Elsevier}
}

@inproceedings{di2003exat,
  title     = {eXAT: an Experimental Tool for Programming Multi-Agent Systems in Erlang.},
  author    = {Di Stefano, Antonella and Santoro, Corrado},
  booktitle = {WOA},
  volume    = {12},
  pages     = {1--127},
  year      = {2003}
}

@inproceedings{di2005using,
  title        = {Using the Erlang language for multi-agent systems implementation},
  author       = {Di Stefano, Antonella and Santoro, Corrado},
  booktitle    = {IEEE/WIC/ACM International Conference on Intelligent Agent Technology},
  pages        = {679--685},
  year         = {2005},
  organization = {IEEE}
}

@book{loder2016erlang,
  title     = {Erlang and Elixir for Imperative Programmers},
  author    = {Loder, Wolfgang},
  year      = {2016},
  publisher = {Springer}
}

@article{peregud2012implementing,
  title   = {Implementing an eXAT-based distributed monitoring system prototype},
  author  = {Peregud, Gleb and Zubek, Julian and Ganzha, Maria and Paprzycki, Marcin},
  journal = {Computer Science and Information Systems},
  volume  = {9},
  number  = {3},
  pages   = {1249--1285},
  year    = {2012}
}

@inproceedings{podobnik2006crocodileagent,
  title        = {The CrocodileAgent: research for efficient agent-based cross-enterprise processes},
  author       = {Podobnik, Vedran and Petric, Ana and Jezic, Gordan},
  booktitle    = {OTM Confederated International Conferences" On the Move to Meaningful Internet Systems"},
  pages        = {752--762},
  year         = {2006},
  organization = {Springer}
}

@inproceedings{santana2017interscsimulator,
  title        = {Interscsimulator: Large-scale traffic simulation in smart cities using erlang},
  author       = {Santana, Eduardo Felipe Zambom and Lago, Nelson and Kon, Fabio and Milojicic, Dejan S},
  booktitle    = {International Workshop on Multi-Agent Systems and Agent-Based Simulation},
  pages        = {211--227},
  year         = {2017},
  organization = {Springer}
}

@inproceedings{varela2004modelling,
  title     = {On modelling agent systems with Erlang},
  author    = {Varela, Carlos and Abalde, Carlos and Castro, Laura and Gul{\'\i}as, Jose},
  booktitle = {Proceedings of the 2004 ACM SIGPLAN workshop on Erlang},
  pages     = {65--70},
  year      = {2004}
}
